@proceedings{Sibgrapi2021,
	Address = {Gramado, RS, Brazil},
	Booktitle = {SIBGRAPI},
	Month = {October},
	Publisher = {{IEEE}},
	Title = {Proceedings of the 34th SIBGRAPI Conference on Graphics, Patterns and Images (SIBGRAPI)},
	Year = {2021}
}

@book{abook ,
	Author = {I J Kuss},
	Title = {On the Importance of Kissing Up to Your Boss},
	Edition = {5},
	Publisher = {Dilbert Books},
	Address = {Cambridge MA},
	Year = {1995}
}
